
@article{collins2022racial,
  title={Racial/ethnic disparities in short-term PM 2.5 air pollution exposures in the United States},
  author={Collins, Timothy W and Grineski, Sara E},
  journal={Environmental Health Perspectives},
  volume={130},
  number={8},
  pages={087701},
  year={2022}
}
@article{Waskom2021,
    doi = {10.21105/joss.03021},
    url = {https://doi.org/10.21105/joss.03021},
    year = {2021},
    publisher = {The Open Journal},
    volume = {6},
    number = {60},
    pages = {3021},
    author = {Michael L. Waskom},
    title = {seaborn: statistical data visualization},
    journal = {Journal of Open Source Software}
 }

@book{WEBB_2021, place={S.l.}, title={Mostly harmless statistics}, publisher={LULU COM}, author={WEBB, RACHEL L.}, year={2021}} 
@misc{Binkovitz_2016, title={Houston in 2016, as told through 5 maps: Kinder Institute for Urban Research}, url={https://kinder.rice.edu/urbanedge/houston-2016-told-through-5-maps}, journal={Kinder Institute for Urban Research | Rice University}, author={Binkovitz, Leah}, year={2016}, month={Dec}} 
@misc{EPA_2023a, url={https://www.epa.gov/ejscreen/purposes-and-uses-ejscreen}, journal={EPA}, publisher={Environmental Protection Agency}, year={2023}, month={Jan}} 
@misc{EPA_2023b, url={https://www.epa.gov/ejscreen/overview-socioeconomic-indicators-ejscreen}, journal={EPA}, publisher={Environmental Protection Agency}, year={2023}, month={Jan}} 
@misc{EPA_2023c, url={https://www.epa.gov/ejscreen}, journal={EPA}, publisher={Environmental Protection Agency}, year={2023}, month={Jun}} 
@misc{EPA_2023d, url={https://www.epa.gov/ejscreen/overview-environmental-indicators-ejscreen}, journal={EPA}, publisher={Environmental Protection Agency}, year={2023}, month={Jul}} 



